@article{samad2015perception,
  title={Perception of body ownership is driven by Bayesian sensory inference},
  author={Samad, Majed and Chung, Albert Jin and Shams, Ladan},
  journal={PloS one},
  volume={10},
  number={2},
  pages={e0117178},
  year={2015},
  publisher={Public Library of Science San Francisco, CA USA}
}
@article{meijer2020computational,
  title={Computational models of multisensory integration},
  author={Meijer, David and Noppeney, Uta},
  journal={Multisensory Perception},
  pages={113--133},
  year={2020},
  publisher={Elsevier}
}
@article{rizzolatti1983deficits,
  title={Deficits in attention and movement following the removal of postarcuate (area 6) and prearcuate (area 8) cortex in macaque monkeys},
  author={Rizzolatti, G and Matelli, M and Pavesi, G},
  journal={Brain},
  volume={106},
  number={3},
  pages={655--673},
  year={1983},
  publisher={Oxford University Press}
}

@article{bates2014fitting,
  title={Fitting linear mixed-effects models using lme4},
  author={Bates, Douglas and M{\"a}chler, Martin and Bolker, Ben and Walker, Steve},
  journal={arXiv preprint arXiv:1406.5823},
  year={2014}
}
@article{bufacchi2021peripersonal,
  title={What do ‘peripersonal space measures’ really reflect? The action field perspective.},
  author={Bufacchi, RJ and Iannetti, GD},
  year={2021},
  publisher={Oxford University Press}
}

@article{patane2019action,
  title={Action planning modulates peripersonal space},
  author={Patan{\'e}, Ivan and Cardinali, Lucilla and Salemme, Romeo and Pavani, Francesco and Farn{\`e}, Alessandro and Brozzoli, Claudio},
  journal={Journal of Cognitive Neuroscience},
  volume={31},
  number={8},
  pages={1141--1154},
  year={2019},
  publisher={MIT Press One Rogers Street, Cambridge, MA 02142-1209, USA journals-info~…}
}
@article{lohmann2019hands,
  title={Hands ahead in mind and motion: Active inference in peripersonal hand space},
  author={Lohmann, Johannes and Belardinelli, Anna and Butz, Martin V},
  journal={Vision},
  volume={3},
  number={2},
  pages={15},
  year={2019},
  publisher={MDPI}
}
@article{iriki1996coding,
  title={Coding of modified body schema during tool use by macaque postcentral neurones.},
  author={Iriki, Atsushi and Tanaka, Michio and Iwamura, Yoshiaki},
  journal={Neuroreport},
  volume={7},
  number={14},
  pages={2325--2330},
  year={1996}
}
@article{noel2018peri,
  title={Peri-personal space as a prior in coupling visual and proprioceptive signals},
  author={Noel, Jean-Paul and Samad, Majed and Doxon, Andrew and Clark, Justin and Keller, Sean and Di Luca, Massimiliano},
  journal={Scientific reports},
  volume={8},
  number={1},
  pages={1--15},
  year={2018},
  publisher={Nature Publishing Group}
}
@article{serino2019peripersonal,
  title={Peripersonal space (PPS) as a multisensory interface between the individual and the environment, defining the space of the self},
  author={Serino, Andrea},
  journal={Neuroscience \& Biobehavioral Reviews},
  volume={99},
  pages={138--159},
  year={2019},
  publisher={Elsevier}
}
@article{spence2004spatial,
  title={Spatial constraints on visual-tactile cross-modal distractor congruency effects},
  author={Spence, Charles and Pavani, Francesco and Driver, Jon},
  journal={Cognitive, Affective, \& Behavioral Neuroscience},
  volume={4},
  number={2},
  pages={148--169},
  year={2004},
  publisher={Springer}
}
@article{graziano1994mapping,
  title={Mapping space with neurons},
  author={Graziano, Michael SA and Gross, Charles G},
  journal={Current Directions in Psychological Science},
  volume={3},
  number={5},
  pages={164--167},
  year={1994},
  publisher={SAGE Publications Sage CA: Los Angeles, CA}
}

@article{avillac2007multisensory,
  title={Multisensory integration in the ventral intraparietal area of the macaque monkey},
  author={Avillac, Marie and Hamed, Suliann Ben and Duhamel, Jean-Ren{\'e}},
  journal={Journal of Neuroscience},
  volume={27},
  number={8},
  pages={1922--1932},
  year={2007},
  publisher={Soc Neuroscience}
}

@article{van1999integration,
  title={Integration of proprioceptive and visual position-information: An experimentally supported model},
  author={Van Beers, Robert J and Sittig, Anne C and Gon, Jan J Denier van der},
  journal={Journal of neurophysiology},
  volume={81},
  number={3},
  pages={1355--1364},
  year={1999},
  publisher={American Physiological Society Bethesda, MD}
}

@article{tsakiris2005rubber,
  title={The rubber hand illusion revisited: visuotactile integration and self-attribution.},
  author={Tsakiris, Manos and Haggard, Patrick},
  journal={Journal of experimental psychology: Human perception and performance},
  volume={31},
  number={1},
  pages={80},
  year={2005},
  publisher={American Psychological Association}
}
@article{pavani2000visual,
  title={Visual capture of touch: Out-of-the-body experiences with rubber gloves},
  author={Pavani, Francesco and Spence, Charles and Driver, Jon},
  journal={Psychological science},
  volume={11},
  number={5},
  pages={353--359},
  year={2000},
  publisher={SAGE Publications Sage CA: Los Angeles, CA}
}
@article{longo2008embodiment,
  title={What is embodiment? A psychometric approach},
  author={Longo, Matthew R and Sch{\"u}{\"u}r, Friederike and Kammers, Marjolein PM and Tsakiris, Manos and Haggard, Patrick},
  journal={Cognition},
  volume={107},
  number={3},
  pages={978--998},
  year={2008},
  publisher={Elsevier}
}

@article{van1999integration,
  title={Integration of proprioceptive and visual position-information: An experimentally supported model},
  author={Van Beers, Robert J and Sittig, Anne C and Gon, Jan J Denier van der},
  journal={Journal of neurophysiology},
  volume={81},
  number={3},
  pages={1355--1364},
  year={1999},
  publisher={American Physiological Society Bethesda, MD}
}

@article{schwoebel2005evidence,
  title={Evidence for multiple, distinct representations of the human body},
  author={Schwoebel, John and Coslett, H Branch},
  journal={Journal of cognitive neuroscience},
  volume={17},
  number={4},
  pages={543--553},
  year={2005},
  publisher={MIT Press One Rogers Street, Cambridge, MA 02142-1209, USA journals-info~…}
}

@article{wolpert2001motor,
  title={Motor prediction},
  author={Wolpert, Daniel M and Flanagan, J Randall},
  journal={Current biology},
  volume={11},
  number={18},
  pages={R729--R732},
  year={2001},
  publisher={Elsevier}
}

@book{ataria2021body,
  title={Body Schema and Body Image: New Directions},
  author={Ataria, Yochai and Tanaka, Shogo and Gallagher, Shaun},
  year={2021},
  publisher={Oxford University Press}
}

@article{fossataro2020immersive,
  title={Immersive virtual reality reveals that visuo-proprioceptive discrepancy enlarges the hand-centred peripersonal space},
  author={Fossataro, C and Sebastiano, A Rossi and Tieri, G and Poles, K and Galigani, M and Pyasik, M and Bruno, V and Bertoni, T and Garbarini, F},
  journal={Neuropsychologia},
  volume={146},
  pages={107540},
  year={2020},
  publisher={Elsevier}
}
@article{kim_psychology_2021,
	title = {The {Psychology} of {Reaching}: {Action} {Selection}, {Movement} {Implementation}, and {Sensorimotor} {Learning}},
	volume = {72},
	issn = {0066-4308, 1545-2085},
	shorttitle = {The {Psychology} of {Reaching}},
	url = {https://www.annualreviews.org/doi/10.1146/annurev-psych-010419-051053},
	doi = {10.1146/annurev-psych-010419-051053},
	abstract = {The study of motor planning and learning in humans has undergone a dramatic transformation in the 20 years since this journal’s last review of this topic. The behavioral analysis of movement, the foundational approach for psychology, has been complemented by ideas from control theory, computer science, statistics, and, most notably, neuroscience. The result of this interdisciplinary approach has been a focus on the computational level of analysis, leading to the development of mechanistic models at the psychological level to explain how humans plan, execute, and consolidate skilled reaching movements. This review emphasizes new perspectives on action selection and motor planning, research that stands in contrast to the previously dominant representation-based perspective of motor programming, as well as an emerging literature highlighting the convergent operation of multiple processes in sensorimotor learning.},
	language = {en},
	number = {1},
	urldate = {2022-03-04},
	journal = {Annual Review of Psychology},
	author = {Kim, Hyosub E. and Avraham, Guy and Ivry, Richard B.},
	month = jan,
	year = {2021},
	keywords = {notion},
	pages = {61--95},
	file = {Kim et al. - 2021 - The Psychology of Reaching Action Selection, Move.pdf:C\:\\Users\\Rasika Lokhande\\Zotero\\storage\\RZQ7CYI9\\Kim et al. - 2021 - The Psychology of Reaching Action Selection, Move.pdf:application/pdf},
}

@article{wong2014multimodality,
  title={On the multimodality of body perception in action},
  author={Wong, Hong Yu},
  journal={Journal of Consciousness Studies},
  volume={21},
  number={11-12},
  pages={130--139},
  year={2014},
  publisher={Imprint Academic}
}

@article{guterstam2016magnetic,
  title={The magnetic touch illusion: A perceptual correlate of visuo-tactile integration in peripersonal space},
  author={Guterstam, Arvid and Zeberg, Hugo and {\"O}z{\c{c}}iftci, Vedat Menderes and Ehrsson, H Henrik},
  journal={Cognition},
  volume={155},
  pages={44--56},
  year={2016},
  publisher={Elsevier}
}

@article{spence2004multisensory,
  title={Multisensory contributions to the 3-D representation of visuotactile peripersonal space in humans: evidence from the crossmodal congruency task},
  author={Spence, Charles and Pavani, Francesco and Maravita, Angelo and Holmes, Nicholas},
  journal={Journal of Physiology-Paris},
  volume={98},
  number={1-3},
  pages={171--189},
  year={2004},
  publisher={Elsevier}
}
@article{ladavas2008action,
  title={Action-dependent plasticity in peripersonal space representations},
  author={Ladavas, Elisabetta and Serino, Andrea},
  journal={Cognitive neuropsychology},
  volume={25},
  number={7-8},
  pages={1099--1113},
  year={2008},
  publisher={Taylor \& Francis}
}

@article{brozzoli2010action,
  title={Action-specific remapping of peripersonal space},
  author={Brozzoli, Claudio and Cardinali, Lucilla and Pavani, Francesco and Farn{\`e}, Alessandro},
  journal={Neuropsychologia},
  volume={48},
  number={3},
  pages={796--802},
  year={2010},
  publisher={Elsevier}
}

@article{senna2019aim,
  title={Aim and plausibility of action chains remap peripersonal space},
  author={Senna, Irene and Cardinali, Lucilla and Farn{\`e}, Alessandro and Brozzoli, Claudio},
  journal={Frontiers in Psychology},
  volume={10},
  pages={1681},
  year={2019},
  publisher={Frontiers Media SA}
}

@article{iachini2021can,
  title={Can I put myself in your shoes? Sharing peripersonal space reveals the simulation of the action possibilities of others},
  author={Iachini, Tina and Ruggiero, Gennaro},
  journal={Experimental Brain Research},
  volume={239},
  number={3},
  pages={1035--1045},
  year={2021},
  publisher={Springer}
}

@article{iachini2014motor,
  title={Motor resources in peripersonal space are intrinsic to spatial encoding: Evidence from motor interference},
  author={Iachini, Tina and Ruggiero, Gennaro and Ruotolo, Francesco and Vinciguerra, Michela},
  journal={Acta psychologica},
  volume={153},
  pages={20--27},
  year={2014},
  publisher={Elsevier}
}

@article{limanowski2016integration,
  title={Integration of visual and proprioceptive limb position information in human posterior parietal, premotor, and extrastriate cortex},
  author={Limanowski, Jakub and Blankenburg, Felix},
  journal={Journal of Neuroscience},
  volume={36},
  number={9},
  pages={2582--2589},
  year={2016},
  publisher={Soc Neuroscience}
}

@article{kording2007causal,
  title={Causal inference in multisensory perception},
  author={K{\"o}rding, Konrad P and Beierholm, Ulrik and Ma, Wei Ji and Quartz, Steven and Tenenbaum, Joshua B and Shams, Ladan},
  journal={PLoS one},
  volume={2},
  number={9},
  pages={e943},
  year={2007},
  publisher={Public Library of Science San Francisco, USA}
}

@article{conti1980role,
  title={Role of structured visual field and visual reafference in accuracy of pointing movements},
  author={Conti, Patricia and Beaubaton, Daniel},
  journal={Perceptual and Motor Skills},
  volume={50},
  number={1},
  pages={239--244},
  year={1980},
  publisher={SAGE Publications Sage CA: Los Angeles, CA}
}

@article{schutz2013gaze,
  title={Gaze-centered spatial updating in delayed reaching even in the presence of landmarks},
  author={Sch{\"u}tz, I and Henriques, DYP and Fiehler, K},
  journal={Vision Research},
  volume={87},
  pages={46--52},
  year={2013},
  publisher={Elsevier}
}

@article{byrne2010interactions,
  title={Interactions between gaze-centered and allocentric representations of reach target location in the presence of spatial updating},
  author={Byrne, Patrick A and Cappadocia, David C and Crawford, J Douglas},
  journal={Vision research},
  volume={50},
  number={24},
  pages={2661--2670},
  year={2010},
  publisher={Elsevier}
}

@article{filimon2015all,
  title={Are all spatial reference frames egocentric? Reinterpreting evidence for allocentric, object-centered, or world-centered reference frames},
  author={Filimon, Flavia},
  journal={Frontiers in human neuroscience},
  volume={9},
  pages={648},
  year={2015},
  publisher={Frontiers Media SA}
}

@article{krigolson2007proximity,
  title={The proximity of visual landmarks impacts reaching performance},
  author={Krigolson, Olav and Clark, Nick and Heath, Matthew and Binsted, Gord},
  journal={Spatial vision},
  volume={20},
  number={4},
  pages={317--336},
  year={2007},
  publisher={Utrecht, The Netherlands: VNU Science Press, c1985-}
}